% Encoding: UTF-8

@techreport{rfc1034,
  author = {P. Mockapetris},
  title = {Domain names - concepts and facilities},
  howpublished = {Internet Requests for Comments},
  type = {STD},
  number = {13},
  year = {1987},
  month = {November},
  issn = {2070-1721},
  publisher = {RFC Editor},
  institution = {RFC Editor},
  url = {http://www.rfc-editor.org/rfc/rfc1034.txt},
  note = {\url{http://www.rfc-editor.org/rfc/rfc1034.txt}},
  language = {english},
}

@techreport{rfc1035,
  author = {P. Mockapetris},
  title = {Domain names - implementation and specification},
  howpublished = {Internet Requests for Comments},
  type = {STD},
  number = {13},
  year = {1987},
  month = {November},
  issn = {2070-1721},
  publisher = {RFC Editor},
  institution = {RFC Editor},
  url = {http://www.rfc-editor.org/rfc/rfc1035.txt},
  note = {\url{http://www.rfc-editor.org/rfc/rfc1035.txt}},
  language = {english},
}

@book{laaneoks2010,
  author    = {Erkki Laaneoks},
  title     = {Sissejuhatus võrgutehnoloogiasse},
  publisher = {Tartu Ülikooli Kirjastus},
  address  = {Tartu},
  year      = {2010},
  language = {estonian},
}

